%---------------------------------------------------------------------------------
% Baroclinic wave test
%---------------------------------------------------------------------------------
@article{ullrich2014proposed,
  title={A proposed baroclinic wave test case for deep and shallow-atmosphere dynamical cores},
  author={Ullrich, Paul A and Melvin, Thomas and Jablonowski, Christiane and Staniforth, Andrew},
  journal={Quart. J. Royal Meteor. Soc.},
  year={2014},
  publisher={John Wiley \& Sons, Ltd},
  volume={140},
  number={682},
  pages={1590--1602}
}

@article{jablonowski2006baroclinic,
   author    = "C. Jablonowski and D. L. Williamson",
   title     = "A Baroclinic Instabilitiy Test Case for Atmospheric Model Dynamical Cores", 
   journal = "Quart. J. Roy. Meteor. Soc.",
   year      = 2006,
   volume = 132,
   number = "621C",
   pages = "2943--2975"
}

@Article{LNU2010JCP,
  author = 	 {P.~H. Lauritzen and R.~D. Nair and P.~A. Ullrich},
  title = 	 {A conservative semi-{L}agrangian multi-tracer transport scheme ({CSLAM}) on the cubed-sphere grid},
  journal = 	 {J. Comput. Phys.},
  year = 	 {2010},
  volume = 	 {229},
  doi = {10.1016/j.jcp.2009.10.036},
  pages = 	 {1401-1424}
}

@article{DetAl2012IJHPCA,
author = {John M. Dennis and Jim Edwards and Katherine J. Evans  and Oksana Guba and Peter H. Lauritzen and A.~.A. Mirin and Amik St-Cyr and Mark A. Taylor and Patrick H. Worley}, 
title = {{CAM-SE}: A scalable spectral element dynamical core for the {C}ommunity {A}tmosphere {M}odel}, 
volume = {26}, 
number = {1}, 
pages = {74-89}, 
year = {2012}, 
doi = {10.1177/1094342011428142}, 
URL = {http://hpc.sagepub.com/content/26/1/74.abstract}, 
eprint = {http://hpc.sagepub.com/content/26/1/74.full.pdf+html}, 
journal = {Int. J. High. Perform. C.} 
}


@ARTICLE{LetAl2016MWR,
  author = {P.~H. Lauritzen and M.~A. Taylor and J. Overfelt and P.~A. Ullrich amd S. Goldhaber},
    title = "{CAM-SE-CSLAM}: Semi-{L}agrangian finite-volume transport with spectral elements dynamics.",
  journal = {Mon. Wea. Rev.},
     year = 2016,
   note = {in prep},
}


%---------------------------------------------------------------------------------
% Tropical cyclone test
%---------------------------------------------------------------------------------
@article{jordan1958mean,
  title={Mean soundings for the West Indies area},
  author={Jordan, Charles L},
  journal={Journal of Meteorology},
  volume={15},
  number={1},
  pages={91--97},
  year={1958}
}

@article{reed2011assessing,
   author = {K. A. Reed and C. Jablonowski},
    title = "{Assessing the Uncertainty of Tropical Cyclone Simulations in {NCARÕ's Community Atmosphere Model}}",
  journal = {J. Adv. Model. Earth Syst.},
     year = 2011,
     volume = 3,
     pages = {Art. 2011MS000076, 16 pp.}
}

@ARTICLE{reed2011analytic,
   author = {K. A. Reed and C. Jablonowski},
    title = "{An analytic vortex initialization technique for idealized tropical cyclone studies in {AGCMs}}",
  journal = {Mon. Wea. Rev.},
     year = 2011,
   volume = 139,
    pages = {689--710}
}

@ARTICLE{reed2011impact,
   author = {K. A. Reed and C. Jablonowski},
    title = "{Impact of physical parameterizations on idealized tropical cyclones in the {C}ommunity {A}tmosphere {M}odel}",
  journal = {Geophys. Res. Lett.},
     year = 2011,
   volume = 38,
    pages = {L04805},
    doi = {10.1029/2010GL046297}
}

@article{reed2012idealized,
   author = {K. A. Reed and C. Jablonowski},
    title = "{Idealized tropical cyclone simulations of intermediate complexity: a test case for {AGCMs}}",
    journal = {J. Adv. Model. Earth Syst.},
    year = 2012,
    volume = 4,
    pages = "M04001", 
    doi = {10.1029/2011MS000099}
}

@article{nair2008moving,
  title={Moving vortices on the sphere: A test case for horizontal advection problems},
  author={Nair, Ramachandran D and Jablonowski, Christiane},
  journal={Monthly Weather Review},
  volume={136},
  number={2},
  pages={699--711},
  year={2008}
}

%---------------------------------------------------------------------------------
% Mesoscale storm test
%---------------------------------------------------------------------------------

@article{klemp1978simulation,
  title={The simulation of three-dimensional convective storm dynamics},
  author={Klemp, Joseph B and Wilhelmson, Robert B},
  journal={Journal of the Atmospheric Sciences},
  volume={35},
  number={6},
  pages={1070--1096},
  year={1978}
}

%---------------------------------------------------------------------------------
% Kessler physics
%---------------------------------------------------------------------------------

@article{kessler1969distribution,
  title={On the distribution and continuity of water substance in atmospheric circulation},
  author={Kessler, Edwin},
  year={1969},
  publisher={Ameican Meteorological Society}
}

@article{ogura1971numerical,
  title={Numerical simulation of the life cycle of a thunderstorm cell},
  author={Ogura, Yoshimitsu and Takahashi, Tsutomu},
  journal={Monthly Weather Review},
  volume={99},
  number={12},
  pages={895--911},
  year={1971}
}

@article{soong1973comparison,
  title={A comparison between axisymmetric and slab-symmetric cumulus cloud models},
  author={Soong, Su-Tzai and Ogura, Yoshimitsu},
  journal={Journal of the Atmospheric Sciences},
  volume={30},
  number={5},
  pages={879--893},
  year={1973}
}

%---------------------------------------------------------------------------------
% I/O data formats
%---------------------------------------------------------------------------------
@Misc{netcdf,
  author = "{NetCDF}",
  title = "{NetCDF} data format",
  howpublished = "{Online}",
  year =  2016,
  note = "{URL}: http://www.unidata.ucar.edu/software/netcdf/"
}

@Misc{netcdf-cf,
  author = "{NetCDF-CF}",
  title = "{CF Conventions and Metadata}",
  howpublished = "{Online}",
  year =  2016,
  note = "{URL:} http://cfconventions.org/"
}

@Misc{nco,
  author = "{NCO}",
  title = "{NetCDF Operator (NCO)}",
  howpublished = "{Online}",
  year =  2016,
  note = "{URL}: https://github.com/nco/nco"
}

%---------------------------------------------------------------------------------
% terminator Toy chemistry
%---------------------------------------------------------------------------------
@Article{LCLVT2015GMD,
AUTHOR = {Lauritzen, P. H. and Conley, A. J. and Lamarque, J.-F. and Vitt, F. and Taylor, M. A.},
TITLE = {The terminator "toy" chemistry test: a simple tool to assess errors in transport schemes},
JOURNAL = {Geoscientific Model Development},
VOLUME = {8},
YEAR = {2015},
NUMBER = {5},
PAGES = {1299--1313},
DOI = {10.5194/gmd-8-1299-2015}
}